%% This BibTeX bibliography file was created using BibDesk.
%% http://bibdesk.sourceforge.net/


%% Created for Zening Qu at 2012-08-29 20:00:50 +0800 


%% Saved with string encoding Unicode (UTF-8) 



@misc{CCNxRepo,
	Key = {CCNxRepo},
	Note = {http://www.ccnx.org/releases/latest/doc/technical/RepoProtocol.html},
	Title = {{CCNx\tm~Repository Protocols}}}
	
@misc{CCNxCS,
	Key = {CCNxCS},
	Note = {http://www.ccnx.org/releases/latest/doc/technical/CreateCollectionProtocol.html},
	Title = {{CCNx\tm~Create Collection Protocol}}}

@misc{UnityCar,
	Key = {UnityCar},
	Note = {http://unity3d.com/support/resources/tutorials/car-tutorial},
	Title = {{Unity\tm~Car Tutorial}}}

@misc{CCNxSync,
	Lastchecked = {\today},
	Key = {CCNxSync},
	Note = {http://www.ccnx.org/releases/latest/doc/technical/SynchronizationProtocol.html},
	Title = {{CCNx\tm~Synchronization Protocol}},
	Urldate = {2012-06-07 11:20:39 PDT}}

@inproceedings{Doptbkt,
	Author = {Diot, C. and Gautier, L.},
	Date-Added = {2012-08-28 07:43:18 +0000},
	Date-Modified = {2012-08-28 07:43:46 +0000},
	Doi = {10.1109/65.777437},
	Issn = {0890-8044},
	Booktitle = {IEEE Network},
	Keywords = {IP multicast protocol suite;MBone;MiMaze;RTP/UDP/IP;best-effort network;dedicated transmission control mechanisms;design;distributed communication architecture;distributed multiplayer game;distributed synchronization;evaluation;implementation;multicast Internet;multiplayer interactive applications;network delay;real-time Internet;Internet;computer games;games of skill;interactive systems;multicast communication;real-time systems;transport protocols;},
	Month = aug,
	Number = {4},
	Pages = {6 -- 15},
	Title = {A distributed architecture for multiplayer interactive applications on the {Internet}},
	Volume = {13},
	Year = {1999},
	Bdsk-Url-1 = {http://dx.doi.org/10.1109/65.777437}}

@inproceedings{Flockstep,
	Author = {Fujimoto, R.M.},
	Author = {R.M. Fujimoto},
	booktitle={Proceedings of Simulation Conference}, 
	title={Parallel and distributed simulation}, 
year={1999}, 
month={}, 
volume={1}, 
number={}, 
pages={122 -- 131}, 
keywords={discrete-event simulations;distributed computers;distributed simulation;distributed virtual environments;model execution time;parallel algorithms;parallel computers;parallel simulation;discrete event simulation;distributed processing;parallel algorithms;parallel machines;}, 
doi={10.1109/WSC.1999.823061}, 
ISSN={},}

@techreport{Bryant,
	Address = {Cambridge, MA, USA},
	Author = {Bryant, R.E.},
	title = {SIMULATION OF PACKET COMMUNICATION ARCHITECTURE COMPUTER SYSTEMS},
 year = {1977},
 source = {http://www.ncstrl.org:8900/ncstrl/servlet/search?formname=detail\&id=oai%3Ancstrlh%3Amitai%3AMIT-LCS%2F%2FMIT%2FLCS%2FTR-188},
 publisher = {Massachusetts Institute of Technology},
 address = {Cambridge, MA, USA},}

@conference{impact,
	Author = {L. Pantel and L.C. Wolf},
	title = {On the impact of delay on real-time multiplayer games},
 booktitle = {Proceedings of the 12th international workshop on Network and operating systems support for digital audio and video},
 series = {NOSSDAV},
 year = {2002},
 isbn = {1-58113-512-2},
 location = {Miami, Florida, USA},
 pages = {23 -- 29},
 numpages = {7},
 url = {http://doi.acm.org/10.1145/507670.507674},
 doi = {10.1145/507670.507674},
 acmid = {507674},
 publisher = {ACM},
 address = {New York, NY, USA},
 keywords = {delay, multiplayer games, real-time applications, user impact},}

@inproceedings{Ldsg,
	Acmid = {1944815},
	Address = {Piscataway, NJ, USA},
	Articleno = {19},
	Author = {Lake, D. and Bowman, M. and Liu, H.},
	Booktitle = {Proceedings of the 9th Annual Workshop on Network and Systems Support for Games},
	Date-Added = {2012-08-28 05:13:56 +0000},
	Date-Modified = {2012-08-28 05:14:11 +0000},
	Isbn = {978-1-4244-8355-6},
	Keywords = {architecture, client, distributed, game, multiplayer, opensimulator, scaling, scene, server, virtual environment, virtual world},
	Location = {Taipei, Taiwan},
	Numpages = {6},
	Volume = {19},
	Pages = {1 -- 6},
	Publisher = {IEEE Press},
	Series = {NetGames},
	Title = {Distributed scene graph to enable thousands of interacting users in a virtual environment},
	Url = {http://dl.acm.org/citation.cfm?id=1944796.1944815},
	Year = {2010},
	Bdsk-Url-1 = {http://dl.acm.org/citation.cfm?id=1944796.1944815}}

@article{Csync,
	Author = {Cronin, E. and Kurc, A.R. and Filstrup, B. and Jamin, S.},
	Doi = {10.1023/B:MTAP.0000026839.31028.9f},
	Issn = {1380-7501},
	Journal = {Multimedia Tools and Applications},
	Keywords = {consistency,game platforms,system architectures},
	Month = may,
	Number = {1},
	Pages = {7 -- 30},
	Title = {An Efficient Synchronization Mechanism for Mirrored Game Architectures},
	Url = {http://www.springerlink.com/openurl.asp?id=doi:10.1023/B:MTAP.0000026839.31028.9f},
	Volume = {23},
	Year = {2004},
	Bdsk-Url-1 = {http://www.springerlink.com/openurl.asp?id=doi:10.1023/B:MTAP.0000026839.31028.9f},
	Bdsk-Url-2 = {http://dx.doi.org/10.1023/B:MTAP.0000026839.31028.9f}}

@inproceedings{Scheating,
	Author = {Webb, S.D. and Soh, S.},
	title = {Cheating in networked computer games: a review},
 booktitle = {Proceedings of the 2nd international conference on Digital interactive media in entertainment and arts},
 series = {DIMEA},
 year = {2007},
 isbn = {978-1-59593-708-7},
 location = {Perth, Australia},
 pages = {105 -- 112},
 numpages = {8},
 url = {http://doi.acm.org/10.1145/1306813.1306839},
 doi = {10.1145/1306813.1306839},
 acmid = {1306839},
 publisher = {ACM},
 address = {New York, NY, USA},
 keywords = {cheating, client/server, networked computer games, peer-to-peer},
} 

@article{Smed2002,
	Author = {Smed, J. and Hakonen, H.},
	Isbn = {9521209836},
	Number = {454},
	Title = {A Review on Networking and Multiplayer Computer Games},
	Year = {2002}}

@phdthesis{Fgame,
	Author = {Ferretti, S.},
	Date-Added = {2012-08-18 12:27:58 +0000},
	Date-Modified = {2012-09-09 12:05:28 +0000},
	Institution = {Department of Computer Science, University of Bologna},
	School = {University of Bologna},
	Title = {{Interactivity maintenance for event synchronization in massive multiplayer online games}},
	Url = {http://www.cs.unibo.it/pub/TR/UBLCS/2005/2005-05.pdf},
	Year = {2005},
	Bdsk-Url-1 = {http://www.cs.unibo.it/pub/TR/UBLCS/2005/2005-05.pdf}}
	
@article{Mattern1993,
	Author = {Mattern, F.},
	Date-Added = {2012-08-26 18:38:20 +0000},
	Date-Modified = {2012-08-26 18:38:20 +0000},
	Doi = {10.1006/jpdc.1993.1075},
	Issn = {07437315},
	Journal = {Journal of Parallel and Distributed Computing},
	Month = aug,
	Number = {4},
	Pages = {423 -- 434},
	Title = {Efficient Algorithms for Distributed Snapshots and Global Virtual Time Approximation},
	Url = {http://linkinghub.elsevier.com/retrieve/pii/S0743731583710750},
	Volume = {18},
	Year = {1993},
	Bdsk-Url-1 = {http://linkinghub.elsevier.com/retrieve/pii/S0743731583710750},
	Bdsk-Url-2 = {http://dx.doi.org/10.1006/jpdc.1993.1075}}

@article{Bui,
	Author = {Bui, P.T. and Lang, S. and Workman, D.A},
	year = {2008},
	location = {http://www.scientificcommons.org/42348271},
	institution = {CiteSeerX - Scientific Literature Digital Library and Search Engine [http://citeseerx.ist.psu.edu/oai2] (United States)},
	Title = {A New Conservative Synchronization Protocol for Dynamic Wargame Simulation}}

@article{Chandy,
	Author = {K.M. Chandy and J. Misra},
	journal={Software Engineering, IEEE Transactions on}, 
	title={Distributed Simulation: A Case Study in Design and Verification of Distributed Programs}, 
year={1979}, 
month= sep, 
volume={5}, 
number={5}, 
pages={ 440 -- 452}, 
keywords={ Concurrent processes; distributed systems; performance; program proving; simulation;}, 
doi={10.1109/TSE.1979.230182}, 
ISSN={0098-5589},}

@techreport{bryant,
	Author = {R.E. Bryant},
	title = {SIMULATION OF PACKET COMMUNICATION ARCHITECTURE COMPUTER SYSTEMS},
 year = {1977},
 source = {http://www.ncstrl.org:8900/ncstrl/servlet/search?formname=detail\&id=oai%3Ancstrlh%3Amitai%3AMIT-LCS%2F%2FMIT%2FLCS%2FTR-188},
 publisher = {Massachusetts Institute of Technology},
 address = {Cambridge, MA, USA},}
 
@inproceedings{Zact,
    address = {New York, NY, USA},
    author = {Zhu, Z. and Wang, S. and Yang, X. and Jacobson, V and Zhang, L.},
    booktitle = {Proceedings of the ACM SIGCOMM workshop on Information-centric networking},
    citeulike-article-id = {10023703},
    citeulike-linkout-0 = {http://portal.acm.org/citation.cfm?id=2018584.2018601},
    citeulike-linkout-1 = {http://dx.doi.org/10.1145/2018584.2018601},
    doi = {10.1145/2018584.2018601},
    isbn = {978-1-4503-0801-4},
    keywords = {cona},
    location = {Toronto, Ontario, Canada},
    pages = {68 -- 73},
    posted-at = {2012-01-04 01:19:03},
    priority = {2},
    publisher = {ACM},
    series = {ICN},
    title = {{ACT: audio conference tool over named data networking}},
    url = {http://dx.doi.org/10.1145/2018584.2018601},
    year = {2011}
}

@inproceedings{Jndn,
	Author = {Jacobson, V. and Smetters, D.K. and Thornton, J.D.},
	title = {Networking named content},
 booktitle = {Proceedings of the 5th international conference on Emerging networking experiments and technologies},
 series = {CoNEXT},
 month = dec,
 year = {2009},
 isbn = {978-1-60558-636-6},
 location = {Rome, Italy},
 pages = {1 -- 12},
 numpages = {12},
 url = {http://doi.acm.org/10.1145/1658939.1658941},
 doi = {10.1145/1658939.1658941},
 acmid = {1658941},
 publisher = {ACM},
 address = {New York, NY, USA},
 keywords = {content routing, content-based security, content-centric networking},
} 

