%% This BibTeX bibliography file was created using BibDesk.
%% http://bibdesk.sourceforge.net/


%% Created for Zening Qu at 2012-09-09 20:05:28 +0800 


%% Saved with string encoding Unicode (UTF-8) 


@string{etp = {Entrepreneurship: Theory \& Practice}}

@string{fer = {Frontiers of Entrepreneurship Research}}

@string{os = {Organization Science}}


@misc{nsffia,
	Key = {NSFFIA},
	Note = {http://www.nets-fia.net},
	Title = {{NSF\textregistered~Future Internet Architecture Project}}}

@misc{interop,
	Key = {Interop},
	Publisher = {Microsoft\textregistered},
	Note = {http://msdn.microsoft.com/en-us/library/system.runtime.interopservices.aspx},
	Title = {{.Net Framework - System.Runtime.InteropServices Namespace}}}

@misc{plugin,
	Month = feb,
	Year = {2012},
	Key = {UnityPlugin},
	Note = {http://docs.unity3d.com/Documentation/Manual/Plugins.html},
	Title = {{Unity\tm~Plugin Manual}}}

@misc{unityrank,
	Month = jun,
	Year = {2009},
	Key = {UnityRank},
	Note = {http://www.develop-online.net/news/32250/The-top-10-game-engines-revealed},
	Title = {Develop\tm: The top 10 game engines revealed}}

@misc{unityppl,
	Note = {http://www.marketwire.com/press-release/unity-reaches-one-million-registered-developers-1641486.htm},
	Month = apr,
	Year = {2009},
	Key = {UnityPpl},
	Title = {{Marketwire\textregistered~News}}}

@misc{Wow,
	Key = {WoW},
	Note = {http://us.battle.net/wow/en/},
	Title = {{World of Warcraft}\textregistered}}

@inproceedings{voccn,
	Author = {Jacobson, V. and Smetters, D.K. and Briggs, N.H. and Plass, M.F. and Thornton, J.D. and Braynard, R.L.},
	booktitle = {Proceedings of the 2009 workshop on Re-architecting the Internet},
 series = {ReArch '09},
 month = dec,
 year = {2009},
 isbn = {978-1-60558-749-3},
 location = {Rome, Italy},
 pages = {1 -- 6},
 numpages = {6},
 url = {http://doi.acm.org/10.1145/1658978.1658980},
 doi = {10.1145/1658978.1658980},
 acmid = {1658980},
 publisher = {ACM},
 address = {New York, NY, USA},
 keywords = {content routing, content-centric networking, voip},
} 


@inproceedings{vehicle,
	Author = {Wang, L. and Wakikawa, R. and Kuntz, R. and Vuyyuru, R. and Zhang, L.},
	Title = {Data Naming in Vehicle-to-Vehicle Communications},
	Booktitle = {Workshop on Emerging Design Choices in Name-Oriented Networking},
	Series = {INFOCOM},
	Month = mar,
	Year = {2012}}

@inproceedings{andana,
	Author = {DiBenedetto, S. and Gasti, P. and Tsudik, G.},
	Booktitle = {Proceedings of the Network and Distributed System Security Symposium},
	location = {San Diego, CA, USA},
	Title = {{ANDaNA}: anonymous Named Data Networking Application},
	Url = {http://arxiv.org/abs/1112.2205},
	Month = feb,
	Year = {2012},
	Series = {NDSS},
	Bdsk-Url-1 = {http://arxiv.org/abs/1112.2205}}

@inproceedings{Zhu2011,
	Acmid = {2089036},
	Address = {New York, NY, USA},
	Author = {Zhu, Z. and Burke, J.A. and Zhang, L. and Gasti, P. and Lu, Y. and Jacobson, V.},
	Booktitle = {Proceedings of the 7th Asian Internet Engineering Conference},
	Doi = {10.1145/2089016.2089036},
	Isbn = {978-1-4503-1062-8},
	Keywords = {data security, distributed design, named data networking},
	Location = {Bangkok, Thailand},
	Numpages = {4},
	Pages = {120 -- 123},
	Publisher = {ACM},
	Series = {AINTEC},
	Title = {A new approach to securing audio conference tools},
	Url = {http://doi.acm.org/10.1145/2089016.2089036},
	Year = {2011},
	Month = nov,
	Bdsk-Url-1 = {http://doi.acm.org/10.1145/2089016.2089036},
	Bdsk-Url-2 = {http://dx.doi.org/10.1145/2089016.2089036}}

@inproceedings{Zact,
    address = {New York, NY, USA},
    author = {Zhu, Z. and Wang, S. and Yang, X. and Jacobson, V and Zhang, L.},
    booktitle = {Proceedings of the ACM SIGCOMM workshop on Information-centric networking},
    citeulike-article-id = {10023703},
    citeulike-linkout-0 = {http://portal.acm.org/citation.cfm?id=2018584.2018601},
    citeulike-linkout-1 = {http://dx.doi.org/10.1145/2018584.2018601},
    doi = {10.1145/2018584.2018601},
    isbn = {978-1-4503-0801-4},
    keywords = {cona},
    location = {Toronto, Ontario, Canada},
    pages = {68 -- 73},
    posted-at = {2012-01-04 01:19:03},
    priority = {2},
    publisher = {ACM},
    series = {ICN},
    title = {{ACT: audio conference tool over named data networking}},
    url = {http://dx.doi.org/10.1145/2018584.2018601},
    year = {2011}
}


@inproceedings{Jndn,
	Author = {Jacobson, V. and Smetters, D.K. and Thornton, J.D.},
	title = {Networking named content},
 booktitle = {Proceedings of the 5th international conference on Emerging networking experiments and technologies},
 series = {CoNEXT},
 month = dec,
 year = {2009},
 isbn = {978-1-60558-636-6},
 location = {Rome, Italy},
 pages = {1 -- 12},
 numpages = {12},
 url = {http://doi.acm.org/10.1145/1658939.1658941},
 doi = {10.1145/1658939.1658941},
 acmid = {1658941},
 publisher = {ACM},
 address = {New York, NY, USA},
 keywords = {content routing, content-based security, content-centric networking},
} 

@misc{CCNxRepo,
	Key = {CCNxRepo},
	Note = {http://www.ccnx.org/releases/latest/doc/technical/RepoProtocol.html},
	Title = {{CCNx\tm~Repository Protocols}}}

@misc{CCNxCS,
	Key = {CCNxCS},
	Note = {http://www.ccnx.org/releases/latest/doc/technical/CreateCollectionProtocol.html},
	Title = {{CCNx\tm~Create Collection Protocol}}}

@misc{UnityCar,
	Key = {UnityCar},
	Note = {http://unity3d.com/support/resources/tutorials/car-tutorial},
	
	Title = {{Unity Car Tutorial}}}

@misc{CCNxSync,
	Lastchecked = {\today},
	Key = {CCNxSync},
	Note = {http://www.ccnx.org/releases/latest/doc/technical/SynchronizationProtocol.html},
	Title = {{CCNx\tm~Synchronization Protocol}},
	Urldate = {2012-06-07 11:20:39 PDT}}

@inproceedings{Scheating,
	Author = {Webb, S.D. and Soh, S.},
	title = {Cheating in networked computer games: a review},
 booktitle = {Proceedings of the 2nd international conference on Digital interactive media in entertainment and arts},
 series = {DIMEA},
 year = {2007},
 isbn = {978-1-59593-708-7},
 location = {Perth, Australia},
 pages = {105 -- 112},
 numpages = {8},
 url = {http://doi.acm.org/10.1145/1306813.1306839},
 doi = {10.1145/1306813.1306839},
 acmid = {1306839},
 publisher = {ACM},
 address = {New York, NY, USA},
 keywords = {cheating, client/server, networked computer games, peer-to-peer},
} 

@article{real,
	Address = {Berkeley, CA, USA},
	Author = {Stutzbach, D. and Stutzbach, R. and Sen, S},
	journal={ IEEE/ACM Transactions on Networking}, 
	title={Characterizing unstructured overlay Topologies in Modern {P2P} File-Sharing Systems}, 
year={2008}, 
month=apr, 
volume={16}, 
number={2}, 
pages={267 -- 280}, 
keywords={Cruiser;Gnutella network;P2P file-sharing systems;overlay dynamics;overlay snapshots;peer-to-peer;power-law degree distribution;unstructured overlay topologies;peer-to-peer computing;}, 
doi={10.1109/TNET.2007.900406}, 
ISSN={1063-6692},}

@techreport{fixed-bucket,
	Author = {J.S. Steinman},
	Date-Added = {2012-08-22 16:44:51 +0000},
	Date-Modified = {2012-08-22 16:44:51 +0000},
	Institution = {NASA, Jet Propulsion Laboratory},
	Title = {{Scalable parallel and distributed military simulations using the SPEEDES framework}},
	Year = {1995}}

@inproceedings{lockstep,
	Author = {R.M. Fujimoto},
	booktitle={Proceedings of Simulation Conference}, 
	title={Parallel and distributed simulation}, 
year={1999}, 
month={}, 
volume={1}, 
number={}, 
pages={122 -- 131}, 
keywords={discrete-event simulations;distributed computers;distributed simulation;distributed virtual environments;model execution time;parallel algorithms;parallel computers;parallel simulation;discrete event simulation;distributed processing;parallel algorithms;parallel machines;}, 
doi={10.1109/WSC.1999.823061}, 
ISSN={},}

@article{chandy,
	Author = {K.M. Chandy and J. Misra},
	journal={Software Engineering, IEEE Transactions on}, 
	title={Distributed Simulation: A Case Study in Design and Verification of Distributed Programs}, 
year={1979}, 
month= sep, 
volume={5}, 
number={5}, 
pages={ 440 -- 452}, 
keywords={ Concurrent processes; distributed systems; performance; program proving; simulation;}, 
doi={10.1109/TSE.1979.230182}, 
ISSN={0098-5589},}

@techreport{bryant,
	Author = {R.E. Bryant},
	title = {SIMULATION OF PACKET COMMUNICATION ARCHITECTURE COMPUTER SYSTEMS},
 year = {1977},
 source = {http://www.ncstrl.org:8900/ncstrl/servlet/search?formname=detail\&id=oai%3Ancstrlh%3Amitai%3AMIT-LCS%2F%2FMIT%2FLCS%2FTR-188},
 publisher = {Massachusetts Institute of Technology},
 address = {Cambridge, MA, USA},}

@conference{impact,
	Author = {L. Pantel and L.C. Wolf},
	title = {On the impact of delay on real-time multiplayer games},
 booktitle = {Proceedings of the 12th international workshop on Network and operating systems support for digital audio and video},
 series = {NOSSDAV},
 year = {2002},
 isbn = {1-58113-512-2},
 location = {Miami, Florida, USA},
 pages = {23 -- 29},
 numpages = {7},
 url = {http://doi.acm.org/10.1145/507670.507674},
 doi = {10.1145/507670.507674},
 acmid = {507674},
 publisher = {ACM},
 address = {New York, NY, USA},
 keywords = {delay, multiplayer games, real-time applications, user impact},}

@inproceedings{p2p2,
	Author = {Merabti, M. and El Rhalibi, A.},
	booktitle={Global Telecommunications Conference Workshops}, 
	title={Peer-to-peer architecture and protocol for a massively multiplayer online game}, 
	year={2004}, 
month=dec, 
volume={}, 
number={}, 
pages={ 519 -- 528}, 
keywords={ Java; P2P protocol; clients-server system; complex software system; massively multiplayer online game; peer-to-peer architecture; time-prisoner; virtual world; Java; computer games; peer-to-peer computing; protocols;}, 
doi={10.1109/GLOCOMW.2004.1417631}, 
ISSN={},
	}

@article{p2p1,
	Author = {Y. Kawahara and T. Aoyama and H. Morikawa},
	title = {A Peer-to-Peer Message Exchange Scheme for Large-Scale Networked Virtual Environments},
   journal = {Telecommunication Systems},
   publisher = {Springer Netherlands},
   issn = {1018-4864},
   keyword = {Business and Economics},
   pages = {353 - 370},
   volume = {25},
   number = {3},
   year = {2004}
}

@inproceedings{mimaze,
	Author = {L. Gautier and C. Diot and J. Kurose},
	booktitle={Proceedings of the 18th  Annual Joint Conference of the IEEE Computer and Communications Societies}, 
	title={{End-to-end transmission control mechanisms for multiparty interactive applications on the Internet}}, 
	conference = {INFOCOM},
	year={1999}, 
	month=mar, 
	volume={3}, 
	number={}, 
	pages={1470 -- 1479}, 
	keywords={Internet;LAN;MBone;dead reckoning;distributed synchronization;end-to-end transmission control mechanisms;fully distributed multiplayer game application;game session;global game state;multiparty interactive applications;network impairments;packet loss;quality;state information;transmission delay;Internet;computer games;interactive systems;local area networks;synchronisation;telecommunication control;}, 
	doi={10.1109/INFCOM.1999.752168}, 
	ISSN={0743-166X},}

@article{hla,
	Date-Added = {2012-08-18 15:42:26 +0000},
	Date-Modified = {2012-08-19 01:35:55 +0000},
	Doi = {10.1109/IEEESTD.2000.92296},
	Journal = {IEEE Std. 1516-2000},
	Key = {IEEE HLA},
	Pages = {i -- 22},
	Title = {{IEEE Standard for Modeling and Simulation {(M\&S)} High Level Architecture (HLA) - Framework and Rules}},
	Year = {2000},
	Bdsk-Url-1 = {http://dx.doi.org/10.1109/IEEESTD.2000.92296}}

@phdthesis{Ferretti2005,
	Author = {Ferretti, S.},
	Date-Added = {2012-08-18 12:27:58 +0000},
	Date-Modified = {2012-09-09 12:05:28 +0000},
	Institution = {Department of Computer Science, University of Bologna},
	School = {University of Bologna},
	Title = {{Interactivity maintenance for event synchronization in massive multiplayer online games}},
	Url = {http://www.cs.unibo.it/pub/TR/UBLCS/2005/2005-05.pdf},
	Year = {2005},
	Bdsk-Url-1 = {http://www.cs.unibo.it/pub/TR/UBLCS/2005/2005-05.pdf}}

@misc{ultima,
	Key = {Ultima Online},
	Note = {http://www.uoherald.com/},
	Title = {{Ultima Online}\tm},
	Url = {http://www.uo.com/},
	Bdsk-Url-1 = {http://www.uo.com/}}

@misc{quake,
	Key = {QuakeForge},
	Note = {http://www.quakeforge.net},
	Title = {{The QuakeForge Project}\textregistered},
	Url = {http://www.quakeforge.net/},
	Bdsk-Url-1 = {http://www.quakeforge.net/}}

@article{modern1,
	Acmid = {1055669},
	Address = {Hingham, MA, USA},
	Author = {M. Roccetti and P. Salomoni and V. Ghini and S. Ferretti},
	Date-Added = {2012-08-17 06:25:13 +0000},
	Date-Modified = {2012-08-17 06:38:27 +0000},
	Doi = {10.1007/s11042-005-5606-z},
	Issn = {1380-7501},
	Issue_Date = {February 2005},
	Journal = {Multimedia Tools and Applications},
	Keywords = {CDN, UMTS, digital media, music on demand, wireless multimedia applications},
	Month = feb,
	Number = {2},
	Numpages = {35},
	Pages = {217 -- 251},
	Publisher = {Kluwer Academic Publishers},
	Title = {{Bringing the wireless internet to UMTS devices: A case study with music distribution}},
	Url = {http://dx.doi.org/10.1007/s11042-005-5606-z},
	Volume = {25},
	Year = {2005},
	Bdsk-Url-1 = {http://dx.doi.org/10.1007/s11042-005-5606-z}}

@conference{modern3,
	Author = {M. Roccetti and P. Salomoni and V. Ghini and S. Ferretti and S. Cacciaguerra and A. Sorcinelli},
	Booktitle = {Proceedings of the International Conference on Communications, Internet and Information Technology},
	Date-Added = {2012-08-17 06:25:13 +0000},
	Date-Modified = {2012-08-17 06:39:10 +0000},
	Location = {St. Thomas, Virgin Islands},
	Pages = {346 - 351},
	Title = {{MoKa: a wireless internet application for delivering mobile karaoke on UMTS devices}},
	Year = {2002}}

@inproceedings{traditional,
	Address = {Singapore},
	Author = {R.A. Bangun and H.P. Beadle},
	Booktitle = {Information, Communications and Signal Processing},
	Doi = {10.1109/ICICS.1997.652309},
	Keywords = {ADSL;cable-modem;computer games;high bandwidth networks;multiplayer networked games;multiuser networked games on demand;network architecture;software architectures;computer games;computer networks;entertainment;interactive systems;multi-access systems;network topology;},
	Month = sep,
	Pages = {1815 -- 1819},
	Title = {A network architecture for multiuser networked games on demand},
	Volume = {3},
	Year = {1997},
	Bdsk-Url-1 = {http://dx.doi.org/10.1109/ICICS.1997.652309}}

@inproceedings{dsl,
	Author = {S. Wright and S. Tischer},
	Booktitle = {Communications, 2004 IEEE International Conference on},
	Doi = {10.1109/ICC.2004.1312738},
	Keywords = {ASP model; DSL network architecture; access network infrastructure; application service provider; digital subscriber line; networked game; online game service; computer games; computer networks; digital subscriber lines; information services;},
	Location = {Paris, France},
	Pages = {1380 -- 1385},
	Title = {{Architectural considerations in online game services over DSL networks}},
	Volume = {3},
	Year = {2004},
	Bdsk-Url-1 = {http://dx.doi.org/10.1109/ICC.2004.1312738}}

@conference{openping,
	Acmid = {1016548},
	Address = {New York, NY, USA},
	Author = {P. Okanda and G. Blair},
	Booktitle = {Proceedings of 3rd ACM SIGCOMM workshop on Network and system support for games},
	Doi = {10.1145/1016540.1016548},
	Isbn = {1-58113-942-X},
	Keywords = {adaptation, middleware platforms, networked games, reflection, virtual reality (VR)},
	Location = {Portland, Oregon, USA},
	Numpages = {5},
	Pages = {111 -- 115},
	Publisher = {ACM},
	Series = {NetGames},
	Title = {{OpenPING: a reflective middleware for the construction of adaptive networked game applications}},
	Url = {http://doi.acm.org/10.1145/1016540.1016548},
	Year = {2004},
	Bdsk-Url-1 = {http://doi.acm.org/10.1145/1016540.1016548},
	Bdsk-Url-2 = {http://dx.doi.org/10.1145/1016540.1016548}}

@inproceedings{cheat3,
	Acmid = {1005877},
	Address = {New York, NY, USA},
	Author = {C.G. Dickey and D. Zappala and V. Lo and J. Marr},
	Booktitle = {Proceedings of the 14th international workshop on Network and operating systems support for digital audio and video},
	Doi = {10.1145/1005847.1005877},
	Isbn = {1-58113-801-6},
	Keywords = {cheat-proof, distributed, games, interactive, low-latency, peer-to-peer},
	Location = {Cork, Ireland},
	Numpages = {6},
	Pages = {134 -- 139},
	Publisher = {ACM},
	Series = {NOSSDAV},
	Title = {Low latency and cheat-proof event ordering for peer-to-peer games},
	Url = {http://doi.acm.org/10.1145/1005847.1005877},
	Year = {2004},
	Bdsk-Url-1 = {http://doi.acm.org/10.1145/1005847.1005877},
	Bdsk-Url-2 = {http://dx.doi.org/10.1145/1005847.1005877}}

@inproceedings{cheat1,
	Acmid = {1016554},
	Address = {New York, NY, USA},
	Author = {B.D. Chen and M. Maheswaran},
	Booktitle = {Proceedings of 3rd ACM SIGCOMM workshop on Network and system support for games},
	Doi = {10.1145/1016540.1016554},
	Isbn = {1-58113-942-X},
	Keywords = {cheat prevention, multiplayer online games, time cheating},
	Location = {Portland, Oregon, USA},
	Numpages = {5},
	Pages = {139 -- 143},
	Publisher = {ACM},
	Series = {NetGames},
	Title = {A cheat controlled protocol for centralized online multiplayer games},
	Url = {http://doi.acm.org/10.1145/1016540.1016554},
	Year = {2004},
	Bdsk-Url-1 = {http://doi.acm.org/10.1145/1016540.1016554},
	Bdsk-Url-2 = {http://dx.doi.org/10.1145/1016540.1016554}}
