%% This BibTeX bibliography file was created using BibDesk.
%% http://bibdesk.sourceforge.net/


%% Created for Zening Qu at 2012-07-10 23:17:45 +0800 


%% Saved with string encoding Unicode (UTF-8) 



@techreport{infogrowth,
	Author = {J. F. Gantz et al.},
	Date-Added = {2012-07-10 15:06:17 +0000},
	Date-Modified = {2012-07-10 15:17:43 +0000},
	Month = {March},
	Title = {IDC - The Expanding Digital Universe: A Forecast of Worldwide Inform ation Growth Through 2010.},
	Year = {2007}}
