%% This BibTeX bibliography file was created using BibDesk.
%% http://bibdesk.sourceforge.net/


%% Created for Zening Qu at 2012-07-10 18:03:42 +0800 


%% Saved with string encoding Unicode (UTF-8) 


@string{etp = {Entrepreneurship: Theory \& Practice}}

@string{fer = {Frontiers of Entrepreneurship Research}}

@string{os = {Organization Science}}


@techreport{infogrowth,
	Author = {J. F. Gantz et al},
	Date-Added = {2012-07-10 09:53:28 +0000},
	Date-Modified = {2012-07-10 09:57:48 +0000},
	Month = {March},
	Title = {IDC - The Expanding Digital Universe: A Forecast of Worldwide Inform ation Growth Through 2010},
	Year = {2007}}

@article{article1,
	Author = {Adler, P. S. and Goldoftas, B. and Levine, D. I.},
	Journal = OS,
	Pages = {43--68},
	Title = {Flexibility versus efficiency? {A} case study of model changeovers in the {T}oyota production system},
	Volume = 10,
	Year = 1999}

@article{article2,
	Author = {Aghion, Philippe and Tirole, Jean},
	Category = {culture},
	Journal = {Journal of Political Economy},
	Number = {1},
	Pages = {1--29},
	Title = {Formal and real authority in organizations},
	Volume = {105},
	Year = {1997}}

@article{article3,
	Author = {Ahistrom, D. and Bruton, G. D.},
	Journal = ETP,
	Number = 4,
	Pages = {52--69},
	Title = {An institutional perspective on the role of culture in shaping strategic actions by technology-focused entrepreneurial firms in China},
	Volume = 26,
	Year = 2003}

@book{tex,
	Address = {Reading, MA},
	Author = {Donald E. Knuth},
	Edition = 15,
	Publisher = {Addison-Wesley Publishing Company},
	Title = {The {\TeX} Book},
	Year = 1989}

@book{companion,
	Address = {Reading, MA},
	Author = {Michel Goosens and Frank Mittelbach and Alexander Samarin},
	Pages = {112--125},
	Publisher = {Addison-Wesley Publishing Company},
	Title = {The {\LaTeX} Companion},
	Year = 1994}
